@misc{website:openocd,
	TITLE = "{OpenOCD}",
	HOWPUBLISHED = "\url{http://openocd.berlios.de/web/}"
}

@misc{website:uclinux,
	TITLE = "{$\mu$CLinux}",
	HOWPUBLISHED = "\url{http://www.uclinux.org/}"
}

@misc{website:turtelizer2,
	TITLE = "{ARM JTAG Turtelizer 2}",
	HOWPUBLISHED = "\url{http://www.ethernut.de/en/hardware/turtelizer/index.html}"
}

@misc{website:gnuarm,
	TITLE = "{GNU ARM toolchain for CygWin, Linux and MacOS}",
	HOWPUBLISHED = "\url{http://www.gnuarm.com}"
}

@misc{website:yagarto,
	TITLE = "{YAGARTO - Yet another GNU ARM toolchain}",
	HOWPUBLISHED = "\url{http://www.yagarto.de}"
}

@misc{website:arm_booting,
	TITLE = "{ARM$\mu$C Wiki: AT91RM9200 Booting}",
	HOWPUBLISHED = "\url{http://www.open-research.org.uk/ARMuC/At91rm9200_Booting.html}"
}

@misc{website:uboot,
	TITLE = "{U-Boot}",
	AUTHOR = "Wolfgang Denk",
	HOWPUBLISHED = "\url{http://www.denx.de/wiki/U-Boot}"
}

@book{ldd3,
	TITLE = "Linux Device Drivers",
	AUTHOR = "Alessandro Rubini",
	PUBLISHER = "O'Reilly Media",
	YEAR = "2005"
}

@book{building_embedded,
	TITLE = "Building Embedded Linux Systems",
	AUTHOR = "Karim Yaghmour",
	PUBLISHER = "O'Reilly Media",
	YEAR = "2003"
}
