@misc{gnu_gpl_v2,
	TITLE = "http://www.gnu.org/licenses/gpl-2.0.html"
}

@misc{openocd,
	TITLE = "http://openocd.berlios.de/web/"
}

@misc{uclinux,
	TITLE = "http://www.uclinux.org/"
}

@misc{arm,
	TITLE = "http://www.arm.com/"
}
